<?xml version="1.0" encoding="UTF-8"?>
<record xmlns="http://www.loc.gov/MARC21/slim" xmlns:xsi="http://www.w3.org/2001/XMLSchema-instance" xsi:schemaLocation="http://www.loc.gov/MARC21/slim http://www.loc.gov/standards/marcxml/schema/MARC21slim.xsd">
<leader>00000cam a22      a 4500</leader>
<controlfield tag="001">001682694</controlfield>
<controlfield tag="003">NNU</controlfield>
<controlfield tag="005">20150916155237.0</controlfield>
<controlfield tag="008">850321s1970    ua       b    001 0 arar</controlfield>
<datafield tag="010" ind1=" " ind2=" ">
<subfield code="a">   71961051</subfield>
</datafield>
<datafield tag="035" ind1=" " ind2=" ">
<subfield code="a">(OCoLC)11831011</subfield>
</datafield>
<datafield tag="040" ind1=" " ind2=" ">
<subfield code="a">DLC</subfield>
<subfield code="b">eng</subfield>
<subfield code="c">TXQ</subfield>
<subfield code="d">TXQ</subfield>
<subfield code="d">OCLCQ</subfield>
<subfield code="d">IUL</subfield>
<subfield code="d">OCLCF</subfield>
<subfield code="d">OCLCQ</subfield>
<subfield code="d">OCLCO</subfield>
</datafield>
<datafield tag="043" ind1=" " ind2=" ">
<subfield code="a">f-ua---</subfield>
</datafield>
<datafield tag="050" ind1=" " ind2="4">
<subfield code="a">JQ3830</subfield>
<subfield code="b">.J37 1970</subfield>
</datafield>
<datafield tag="100" ind1="1" ind2=" ">
<subfield code="6">880-01</subfield>
<subfield code="a">Jarf, Ṭuʻaymah.</subfield>
</datafield>
<datafield tag="245" ind1="1" ind2="3">
<subfield code="6">880-02</subfield>
<subfield code="a">al-Qānūn al-idārī :</subfield>
<subfield code="b">dirāsah muqārinah fī tanẓīm wa-nashāṭ al-idārah al-ʻāmmah /</subfield>
<subfield code="c">Ṭuʻaymah al-Jarf.</subfield>
</datafield>
<datafield tag="260" ind1=" " ind2=" ">
<subfield code="6">880-03</subfield>
<subfield code="a">al-Qāhirah :</subfield>
<subfield code="b">Maktabat al-Qāhirah al-Ḥadīthah,</subfield>
<subfield code="c">1970.</subfield>
</datafield>
<datafield tag="300" ind1=" " ind2=" ">
<subfield code="a">488 pages ;</subfield>
<subfield code="c">24 cm</subfield>
</datafield>
<datafield tag="336" ind1=" " ind2=" ">
<subfield code="a">text</subfield>
<subfield code="b">txt</subfield>
<subfield code="2">rdacontent</subfield>
</datafield>
<datafield tag="337" ind1=" " ind2=" ">
<subfield code="a">unmediated</subfield>
<subfield code="b">n</subfield>
<subfield code="2">rdamedia</subfield>
</datafield>
<datafield tag="338" ind1=" " ind2=" ">
<subfield code="a">volume</subfield>
<subfield code="b">nc</subfield>
<subfield code="2">rdacarrier</subfield>
</datafield>
<datafield tag="504" ind1=" " ind2=" ">
<subfield code="a">Includes bibliographical references and index.</subfield>
</datafield>
<datafield tag="650" ind1=" " ind2="0">
<subfield code="a">Administrative law</subfield>
<subfield code="z">Egypt.</subfield>
</datafield>
<datafield tag="650" ind1=" " ind2="7">
<subfield code="a">Administrative law.</subfield>
<subfield code="2">fast</subfield>
<subfield code="0">(OCoLC)fst00796846</subfield>
</datafield>
<datafield tag="651" ind1=" " ind2="7">
<subfield code="a">Egypt.</subfield>
<subfield code="2">fast</subfield>
<subfield code="0">(OCoLC)fst01208755</subfield>
</datafield>
<datafield tag="880" ind1="1" ind2=" ">
<subfield code="6">100-01/</subfield>
<subfield code="a">جرف، طعيمة.</subfield>
</datafield>
<datafield tag="880" ind1="1" ind2="2">
<subfield code="6">245-02/</subfield>
<subfield code="a">القانون الاداري :</subfield>
<subfield code="b">دراسة مقارنة في تنظيم ونشاط الادارة العامة /</subfield>
<subfield code="c">طعيمة الجرف.</subfield>
</datafield>
<datafield tag="880" ind1=" " ind2=" ">
<subfield code="6">260-03/</subfield>
<subfield code="a">القاهرة :</subfield>
<subfield code="b">مكتبة القاهرة الحديثة،</subfield>
<subfield code="c">1970.</subfield>
</datafield>
<datafield tag="OWN" ind1=" " ind2=" ">
<subfield code="a">GENERAL</subfield>
</datafield>
<datafield tag="AVA" ind1=" " ind2=" ">
<subfield code="a">NYU50</subfield>
<subfield code="b">BOBST</subfield>
<subfield code="c">Main Collection</subfield>
<subfield code="d">JF1358.A7 J3</subfield>
<subfield code="e">unavailable</subfield>
<subfield code="t">Unavailable</subfield>
<subfield code="f">1</subfield>
<subfield code="g">1</subfield>
<subfield code="h">N</subfield>
<subfield code="i">0</subfield>
<subfield code="j">MAIN</subfield>
<subfield code="k">0</subfield>
</datafield>
</record>
